<?xml version="1.0" encoding="UTF-8"?><collection><record><leader>05489ntm a2200553 a 4500</leader><controlfield tag="001">006837234</controlfield><controlfield tag="003">MiAaHDL</controlfield><controlfield tag="005">20190719000000.0</controlfield><controlfield tag="006">m        d        </controlfield><controlfield tag="007">cr bn ---auaua</controlfield><controlfield tag="008">090709s18uu    ii            00| ||per d</controlfield><datafield tag="035" ind1=" " ind2=" "><subfield code="a">(MiU)006837234</subfield></datafield><datafield tag="035" ind1=" " ind2=" "><subfield code="a">sdr-miu006837234</subfield></datafield><datafield tag="040" ind1=" " ind2=" "><subfield code="a">MiU</subfield><subfield code="c">MiU</subfield><subfield code="e">amremm</subfield></datafield><datafield tag="043" ind1=" " ind2=" "><subfield code="a">n-us-mi</subfield></datafield><datafield tag="100" ind1="0" ind2=" "><subfield code="6">880-01</subfield><subfield code="a">Ḥāfiẓ,</subfield><subfield code="d">active 14th century.</subfield></datafield><datafield tag="245" ind1="1" ind2="0"><subfield code="6">880-03</subfield><subfield code="a">[Dīvān-i Ḥāfiẓ,</subfield><subfield code="f">19th century?].</subfield></datafield><datafield tag="246" ind1="3" ind2="8"><subfield code="a">Divan e Hafiz</subfield></datafield><datafield tag="246" ind1="3" ind2=" "><subfield code="a">ديوان حافظ</subfield></datafield><datafield tag="260" ind1=" " ind2=" "><subfield code="c">[18--?].</subfield></datafield><datafield tag="300" ind1=" " ind2=" "><subfield code="a">197 leaves :</subfield><subfield code="b">paper ;</subfield><subfield code="c">230 x 150 (160 x 95) mm. bound to 240 x 158 mm.</subfield></datafield><datafield tag="500" ind1=" " ind2=" "><subfield code="a">Shelfmark: Ann Arbor, University of Michigan, Special Collections Library, Isl. Ms. 872</subfield></datafield><datafield tag="500" ind1=" " ind2=" "><subfield code="a">Origin: Lacks dated colophon ; depending on what it represents of involvement with the production of the manuscript, seal impression at close provides only a very rough terminus ante quem of 1837 (as seal could have been made years before use here). Paper, etc. consistent with early to mid 19th century dating.</subfield></datafield><datafield tag="500" ind1=" " ind2=" "><subfield code="a">Accompanying materials: a. Slip with description (in hand of E. Husselman ?) "Muḥammad Ḥāfiz̤, Shīrāzī | Dīvān. | U. of M. has 6 MSS. of the Dīvān of Hafiz" -- b. Recycled card with notes in hand of Emilie Savage-Smith [according to R. Dougherty] "speckled paper | fine binding | some borders near front complete, others not – shows something about how books made" -- c. Slip with note "counted for 1968/69 Annual Report" -- d. Slip with note "Persian MSS (Heyworth-Dunne?) Husselman notes" -- e. Slip with description in pencil "Ḥāfeẓ (MS) | Divān | Date : | Place: Lucknow"</subfield></datafield><datafield tag="500" ind1=" " ind2=" "><subfield code="a">Former shelfmark: Mich. Isl. Ms. temp. no. 21</subfield></datafield><datafield tag="500" ind1=" " ind2=" "><subfield code="a">Binding: Boards covered in brown leather ; Western style binding ; pastedowns and flyleaves in dark red-brown paper ; upper and lower covers carry blind-stamped central rectangular panel with triangles of vegetal composition accenting an inner diamond design and elaborate border in a scrolling vegetal pattern with gold-tooled accents ; spine gold-stamped with title "DIVAN | E | HAFIZ | - | MS" (likely has been rebacked) ; edges of text block gilt ; sewn in white thread over five recessed cords ; stuck-on endbands in green, white, and red stripes ; overall in fair condition with some abrasion, staining, etc.</subfield></datafield><datafield tag="500" ind1=" " ind2=" "><subfield code="a">Support: non-European laid paper with roughly 8 laid lines per cm. (vertical, somewhat indistinct, some curving) and occasional chain lines faintly visible, cloudy formation, sturdy, cream in color, well-burnished ; 'written area' into margins silver-flecked, margins flecked in blue with small rectangle left for catchwords ; flyleaves and added leaves in European wove paper ; some staining and tide lines ; gilt edges.</subfield></datafield><datafield tag="500" ind1=" " ind2=" "><subfield code="a">Decoration: Written area of opening leaves of text surrounded by gold frame defined by black fillets with outermost red rule, divisions within defined by red rules ; 'written area' into margins silver-flecked, margins flecked in blue ; gilt edges.</subfield></datafield><datafield tag="500" ind1=" " ind2=" "><subfield code="a">Script: Nastaʻlīq ; elegant Indian [?] hand in a medium line ; serifless with effect of words descending to baseline, superscripting of final words and letters (end of each line), pointing in distinct or conjoined dots, some elongation of horizontal strokes.</subfield></datafield><datafield tag="500" ind1=" " ind2=" "><subfield code="a">Layout: Written in 13 lines per page, with written area mainly divided to two columns ; frame-ruled.</subfield></datafield><datafield tag="500" ind1=" " ind2=" "><subfield code="a">Collation: ii, 3 (3), 18 IV(147), III (153), IV (161), III (167), 3 IV(191), III (197), ii ; chiefly quaternions ; several leaves preceding and following the text flecked but left blank ; catchwords present.</subfield></datafield><datafield tag="500" ind1=" " ind2=" "><subfield code="a">Explicit: "فحبک راحت فی کل حین وذکرک مونسی فی کل حال"</subfield></datafield><datafield tag="500" ind1=" " ind2=" "><subfield code="a">Incipit: "الا یا ایها الساقی ادر کاسا و ناولها که عشق آسان نمود اول ولی افتاد مشکلها ..."</subfield></datafield><datafield tag="500" ind1=" " ind2=" "><subfield code="a">Title supplied by cataloguer.</subfield></datafield><datafield tag="500" ind1=" " ind2=" "><subfield code="a">Ms. codex.</subfield></datafield><datafield tag="510" ind1="4" ind2=" "><subfield code="a">Cat. Pers. MSS. Brit. Mus.,</subfield><subfield code="c">p.627 ff.</subfield></datafield><datafield tag="520" ind1="8" ind2=" "><subfield code="a">Fine copy of the Dīvān of the masterful poet Ḥāfiẓ (Khvājah Shams al-Dīn Muḥammad Shīrāzī, d.1390?).</subfield></datafield><datafield tag="538" ind1=" " ind2=" "><subfield code="a">Mode of access: Internet.</subfield></datafield><datafield tag="541" ind1=" " ind2=" "><subfield code="c">Gift ;</subfield><subfield code="a">Acquired from Frank E. Nuttall (1875-1943).</subfield></datafield><datafield tag="546" ind1=" " ind2=" "><subfield code="a">Persian.</subfield></datafield><datafield tag="561" ind1=" " ind2=" "><subfield code="a">At close of text, large rectangular seal impression apparently dated 1252 [1836 or 7] in name of Mumtāz al-Dawlah Amīr al-Mulk Sayyid Mīr Khān Bahādur al-Ḥusaynī Ṣamṣām Jang ( ممتاز الدوله امیر الملک سید میر خان بهادر الحسینی صمصام جنک ) and statement opening "در لکنو ..." mentioning the house of Āghā Muḥammad Ṣāḥib (آغا محمد صاحب ) ; fairly clean copy.</subfield></datafield><datafield tag="650" ind1=" " ind2="0"><subfield code="a">Manuscripts, Persian</subfield><subfield code="z">Michigan</subfield><subfield code="z">Ann Arbor.</subfield></datafield><datafield tag="650" ind1=" " ind2="0"><subfield code="a">Persian poetry</subfield><subfield code="y">747-1500.</subfield></datafield><datafield tag="700" ind1="1" ind2=" "><subfield code="a">Nuttall, Frank E.,</subfield><subfield code="d">1875-1943,</subfield><subfield code="e">former owner.</subfield></datafield><datafield tag="700" ind1="0" ind2=" "><subfield code="6">880-07</subfield><subfield code="a">Mumtāz al-Dawlah Amīr al-Mulk Sayyid Mīr Khān Bahādur al-Ḥusaynī Ṣamṣām Jang,</subfield><subfield code="d">fl. 1836,</subfield><subfield code="e">former owner.</subfield></datafield><datafield tag="773" ind1="0" ind2=" "><subfield code="a">F. E. Nuttall Collection.</subfield></datafield><datafield tag="880" ind1="0" ind2=" "><subfield code="6">700-07/</subfield><subfield code="a">ممتاز الدوله امير الملك سيد مير خان بهادر الحسينى صمصام جنگ,</subfield><subfield code="e">مالك سابق.</subfield></datafield><datafield tag="880" ind1="1" ind2="0"><subfield code="6">245-03/</subfield><subfield code="a">[دیوان حافظ,</subfield><subfield code="f">قرن 19م؟].</subfield></datafield><datafield tag="880" ind1="0" ind2=" "><subfield code="6">100-01/</subfield><subfield code="a">حافظ.</subfield></datafield><datafield tag="CID" ind1=" " ind2=" "><subfield code="a">006837234</subfield></datafield><datafield tag="DAT" ind1="0" ind2=" "><subfield code="a">20190719102641.0</subfield><subfield code="b">20190719000000.0</subfield></datafield><datafield tag="DAT" ind1="1" ind2=" "><subfield code="a">20190719090653.0</subfield><subfield code="b">2019-07-19T16:10:56Z</subfield></datafield><datafield tag="DAT" ind1="2" ind2=" "><subfield code="a">2015-10-02T18:00:03Z</subfield></datafield><datafield tag="CAT" ind1=" " ind2=" "><subfield code="a">SDR-MIU</subfield><subfield code="d">EX LIBRIS - ALEPH</subfield><subfield code="l">prepare.pl-004-008</subfield></datafield><datafield tag="FMT" ind1=" " ind2=" "><subfield code="a">BK</subfield></datafield><datafield tag="HOL" ind1=" " ind2=" "><subfield code="0">sdr-miu006837234</subfield><subfield code="a">MiU</subfield><subfield code="b">SDR</subfield><subfield code="c">MIU</subfield><subfield code="p">mdp.39015079132497</subfield><subfield code="s">MIU</subfield><subfield code="1">006837234</subfield></datafield><datafield tag="974" ind1=" " ind2=" "><subfield code="b">MIU</subfield><subfield code="c">MIU</subfield><subfield code="d">20190719</subfield><subfield code="s">lit-dlps-dc</subfield><subfield code="u">mdp.39015079132497</subfield><subfield code="y">1899</subfield><subfield code="r">pd</subfield><subfield code="q">exp</subfield></datafield></record></collection>